<?xml version="1.0" encoding="UTF-8"?>
<collection xmlns:xsi="http://www.w3.org/2001/XMLSchema-instance" xsi:schemaLocation="http://www.loc.gov/MARC21/slim http://www.loc.gov/standards/marcxml/schema/MARC21slim.xsd" xmlns="http://www.loc.gov/MARC21/slim">
<record>
  <leader>01039cam a2200229 a 4500</leader>
  <controlfield tag="001">3073362</controlfield>
  <controlfield tag="003">NNC</controlfield>
  <controlfield tag="005">20030429142358.0</controlfield>
  <controlfield tag="008">910328s1907    ua            000 0 araod</controlfield>
  <datafield tag="035" ind1=" " ind2=" ">
    <subfield code="a">(OCoLC)ocm23347509</subfield>
  </datafield>
  <datafield tag="035" ind1=" " ind2=" ">
    <subfield code="9">ATP6493CU</subfield>
  </datafield>
  <datafield tag="040" ind1=" " ind2=" ">
    <subfield code="a">CLE</subfield>
    <subfield code="c">CLE</subfield>
    <subfield code="d">OCL</subfield>
    <subfield code="d">ZCU</subfield>
  </datafield>
  <datafield tag="050" ind1=" " ind2=" ">
    <subfield code="a">BP188.2</subfield>
    <subfield code="b">.Z34 1907</subfield>
  </datafield>
  <datafield tag="099" ind1=" " ind2=" ">
    <subfield code="a">893.7Z144</subfield>
    <subfield code="a">T</subfield>
  </datafield>
  <datafield tag="100" ind1="1" ind2=" ">
    <subfield code="a">Zamakhsharī, Maḥmūd ibn ʻUmar,</subfield>
    <subfield code="d">1075-1144.</subfield>
  </datafield>
  <datafield tag="240" ind1="1" ind2="0">
    <subfield code="a">Maqāmāt.</subfield>
    <subfield code="f">1907</subfield>
  </datafield>
  <datafield tag="245" ind1="1" ind2="0">
    <subfield code="a">Maqāmāt al-Zamakhsharī /</subfield>
    <subfield code="c">allatī anshaʾahā Jār Allāh Abū al-Qāsim Maḥmūd ibn ʻUmar al-Zamakhsharī ; mashrūḥat alfāẓihā al-lughawīyah wa-nikātihā al-adabīyah wa-ishārātihā al-ḥikmīyah wa-rumūzihā al-tārīkhīyah bi-qalam muʾallifihā-- al-mashār ilayh.</subfield>
  </datafield>
  <datafield tag="260" ind1=" " ind2=" ">
    <subfield code="a">Miṣr [Cairo] :</subfield>
    <subfield code="b">Muḥammad Saʻīd al-Rāfiʻī al-Fārūqi,</subfield>
    <subfield code="c">1325 [1907]</subfield>
    <subfield code="e">(Miṣr :</subfield>
    <subfield code="f">Maṭbaʻat al-Tawfīq)</subfield>
  </datafield>
  <datafield tag="300" ind1=" " ind2=" ">
    <subfield code="a">240 p. ;</subfield>
    <subfield code="c">20 cm.</subfield>
  </datafield>
  <datafield tag="650" ind1=" " ind2="0">
    <subfield code="a">Religious life</subfield>
    <subfield code="x">Islam.</subfield>
  </datafield>
  <datafield tag="650" ind1=" " ind2="0">
    <subfield code="a">Islamic literature, Arabic</subfield>
    <subfield code="v">Early works to 1800.</subfield>
  </datafield>
  <datafield tag="955" ind1=" " ind2=" ">
    <subfield code="b">CU58881786</subfield>
    <subfield code="d">off,glx</subfield>
    <subfield code="e">893.7Z144 T</subfield>
  </datafield>
</record>
</collection>